@article{knuth84,
  author = {Knuth, Donald E.},
  title = {Literate Programming},
  year = {1984},
  issue_date = {May 1984},
  publisher = {Oxford University Press, Inc.},
  address = {USA},
  volume = {27},
  number = {2},
  issn = {0010-4620},
  url = {https://doi.org/10.1093/comjnl/27.2.97},
  doi = {10.1093/comjnl/27.2.97},
  journal = {Comput. J.},
  month = may,
  pages = {97â€“111},
  numpages = {15}
}



@inproceedings{clark1993,
	title = {The effect of recruitment variability on the choice of a target level of spawning biomass per recruit},
	author = {Clark, W. G.},
	year = {1993},
	date = {1993},
	publisher = {Alaska Sea Grant College Program AK{\textendash}SG{\textendash}93{\textendash}02},
	pages = {233{\textendash}246}
}

@techreport{ansley1981,
	title = {Migration and standing stock of fishes associated with artificial and natural reefs on Georgia{\textquoteright}s outer continental shelf},
	author = {Ansley, H. L. H. and Davis, C. D.},
	year = {1981},
	date = {1981},
	pages = {38},
	address = {Brunswick, Georgia, USA}
}

@inbook{collins1996,
	title = {Age validation, movements, and growth rates of tagged gag (Mycteroperca microlepis), black sea bass (Centropristis striata) and red porgy (Pagrus pagrus)},
	author = {Collins, M. R. and Sant, S. B. Van and Schmidt, D. J. and Sedberry, G. R.},
	editor = {Arrequin-Sanchez, F. and Munro, J. L. and Balgos, M. C. and Pauly, D.},
	year = {1996},
	date = {1996},
	publisher = {ICLARM (International Center for Living Aquatic Resources Management)},
	pages = {161--165},
	address = {Makati City, Philippines}
}

@techreport{deuel1968,
	title = {The 1965 Salt-Water Angling Survey},
	author = {Deuel, D. G. and Clark, J. R.},
	year = {1968},
	date = {1968},
	pages = {51}
}

@techreport{hardy1978,
	title = {Development of Fishes of the Mid-Atlantic Bight. Vol. III. Aphredoderidae through Rachycentridae.},
	author = {Hardy, {J. D., Jr.}},
	year = {1978},
	date = {1978}
}

@article{reynolds2007,
	title = {Daily High-Resolution-Blended Analyses for Sea Surface Temperature},
	author = {Reynolds, Richard W. and Smith, Thomas M. and Liu, Chunying and Chelton, Dudley B. and Casey, Kenneth S. and Schlax, Michael G.},
	year = {2007},
	month = {11},
	date = {2007-11-15},
	doi = {10.1175/2007JCLI1824.1},
	url = {https://journals.ametsoc.org/view/journals/clim/20/22/2007jcli1824.1.xml},
	note = {Section: Journal of Climate},
	langid = {en}
}

@book{noaacoralreefwatch2019,
	title = {NOAA Coral Reef Watch 5km Regional Virtual Stations Degree Heating Weeks v3.1 Jan 1, 1985 - Dec 31, 2023. Silver Spring, MD. USA: NOAA Coral Reef Watch. Data set accessed 2024-10-31 at https://coralreefwatch.noaa.gov/product/vs/data.php},
	author = {NOAA Coral Reef Watch, },
	year = {2019},
	date = {2019}
}

@article{knapp2010,
	title = {The International Best Track Archive for Climate Stewardship (IBTrACS)},
	author = {Knapp, Kenneth R. and Kruk, Michael C. and Levinson, David H. and Diamond, Howard J. and Neumann, Charles J.},
	year = {2010},
	month = {03},
	date = {2010-03-01},
	doi = {10.1175/2009BAMS2755.1},
	url = {https://journals.ametsoc.org/view/journals/bams/91/3/2009bams2755_1.xml},
	note = {Section: Bulletin of the American Meteorological Society},
	langid = {en}
}

@article{sumy2020,
	title = {Applications and Evaluation of the IRIS Earthquake Browser: A Web{-}Based Tool That Enables Multidimensional Earthquake Visualization},
	author = {Sumy, Danielle F. and Welti, Russ and Hubenthal, Michael},
	year = {2020},
	month = {08},
	date = {2020-08-12},
	journal = {Seismological Research Letters},
	pages = {2922--2935},
	volume = {91},
	number = {5},
	doi = {10.1785/0220190386},
	url = {https://doi.org/10.1785/0220190386}
}

@article{agar,
	title = {One-year COVID-19 pandemic impacts on U.S. Caribbean small-scale fisheries with a note on the Puerto Rican earthquake swarm of 2020 and 2021},
	author = {Agar, J. and Stoffle, B. and Shivlani, M. and Matos-Caraballo, D. and Mastitski, A. and Martin, F.},
	url = {https://repository.library.noaa.gov/view/noaa/47711},
	langid = {en}
}

@article{wang2009,
	title = {Retrieval of diffuse attenuation coefficient in the Chesapeake Bay and turbid ocean regions for satellite ocean color applications},
	author = {Wang, Menghua and Son, SeungHyun and Harding Jr., Lawrence W.},
	year = {2009},
	date = {2009},
	journal = {Journal of Geophysical Research: Oceans},
	volume = {114},
	number = {C10},
	doi = {10.1029/2009JC005286},
	url = {https://onlinelibrary.wiley.com/doi/abs/10.1029/2009JC005286},
	note = {{\_}eprint: https://onlinelibrary.wiley.com/doi/pdf/10.1029/2009JC005286},
	langid = {en}
}

@article{seara2024,
	title = {Development and analyses of stakeholder driven conceptual models to support the implementation of ecosystem-based fisheries management in the U.S. Caribbean},
	author = {Seara, Tarsila and Williams, Stacey M. and Acevedo, Kiara and Garcia-Molliner, Graciela and Tzadik, Orian and Duval, Michelle and Cruz-Motta, Juan J.},
	year = {2024},
	month = {05},
	date = {2024-05-31},
	journal = {PLOS ONE},
	pages = {e0304101},
	volume = {19},
	number = {5},
	doi = {10.1371/journal.pone.0304101},
	url = {https://journals.plos.org/plosone/article?id=10.1371/journal.pone.0304101},
	note = {Publisher: Public Library of Science},
	langid = {en}
}

@article{hu2012,
	title = {Chlorophyll aalgorithms for oligotrophic oceans: A novel approach based on three-band reflectance difference},
	author = {Hu, Chuanmin and Lee, Zhongping and Franz, Bryan},
	year = {2012},
	date = {2012},
	journal = {Journal of Geophysical Research: Oceans},
	volume = {117},
	number = {C1},
	doi = {10.1029/2011JC007395},
	url = {https://onlinelibrary.wiley.com/doi/abs/10.1029/2011JC007395},
	note = {{\_}eprint: https://onlinelibrary.wiley.com/doi/pdf/10.1029/2011JC007395},
	langid = {en}
}

@misc{thegrea,
	title = {The great Atlantic Sargassum belt | Science},
	url = {https://www.science.org/doi/10.1126/science.aaw7912}
}

@article{wang2019,
	title = {The great Atlantic {\emph{Sargassum}} belt},
	author = {Wang, Menghua and Hu, Chuanmin and Barnes, Brian B. and Mitchum, Gary and Lapointe, Brian and Montoya, Joseph P.},
	year = {2019},
	date = {2019},
	journal = {Science},
	pages = {83--87},
	volume = {365},
	url = {https://www.science.org/doi/10.1126/science.aaw7912}
}

@book{pauly2015,
	title = {Sea Around Us Concepts, Design and Data},
	author = {Pauly, D and Zeller, D},
	year = {2015},
	date = {2015},
	publisher = {Sea Around Us, Institute for the Oceans and Fisheries, University of British Columbia, Vancouver, Canada.},
	url = {www.seaaroundus.org}
}
